@InProceedings{Kieker2025,
	author    = {Yang, Shinhyung and Reichelt, David Georg and Jung, Reiner and Hansson, Marcel and Hasselbring, Wilhelm},
	title     = {The Kieker Observability Framework Version 2},
	booktitle = {Companion of the 16th ACM/SPEC International Conference on Performance Engineering},
	year      = {2025},
	pages     = {11--15},
	publisher = {ACM},
	location  = {Toronto ON, Canada},
	series    = {ICPE '25},
	doi       = {10.1145/3680256.3721972}
}

@article{Kieker2020,
	title   = {Kieker: {A} monitoring framework for software engineering research},
	doi     = {10.1016/j.simpa.2020.100019},
	journal = {Software Impacts},
	author  = {Hasselbring, Wilhelm and van Hoorn, Andr{\'e}},
	month   = jun,
	year    = {2020},
	volume  = 5
}

@InProceedings{Kieker2012,
	author    = {van Hoorn, Andr{\'{e}} and Waller, Jan and Hasselbring, Wilhelm},
	month     = apr,
	title     = {Kieker: {A} Framework for Application Performance Monitoring and Dynamic Software Analysis},
	booktitle = {Proceedings of the 3rd ACM/SPEC International Conference on Performance Engineering (ICPE 2012)},
	year      = {2012},
	pages     = {247--248},
	publisher = {ACM},
	location  = {Boston, Massachusetts, USA, April 22-25, 2012},
	doi       = {10.1145/2188286.2188326}
}
