@TECHREPORT{KiekerTR0921,
  author = {van Hoorn, Andr{\'e} and Rohr, Matthias and Hasselbring, Wilhelm
	and Waller, Jan and Ehlers, Jens and Frey, S{\"o}ren and Kieselhorst,
	Dennis},
  title = {Continuous Monitoring of Software Services: {D}esign and Application
	of the {K}ieker Framework},
  institution = {Department of Computer Science, University of Kiel, Germany},
  year = {2009},
  number = {TR-0921},
  month = nov,
  owner = {voorn},
  pages = {27~pages},
  timestamp = {2009.11.17},
  url = {https://oceanrep.geomar.de/id/eprint/14459/1/vanhoorn_tr0921.pdf}
}
